<?xml version="1.0" encoding="UTF-8"?><collection xmlns="http://www.loc.gov/MARC21/slim"><record><leader>00408nam--2200109-i-4500</leader><controlfield tag="001">000022184</controlfield><controlfield tag="002">20161230</controlfield><controlfield tag="005">20161230201034</controlfield><controlfield tag="008">060222s1000------------r-----000-0-eng-d</controlfield><datafield ind1=" " ind2=" " tag="245"><subfield code="a">Indicator de norme de deviz pentru lucrari de montare a constructiilor metalice, a utilajelor  tehnologice de prelucrare a metalelor  si a macaralelor tehnologice. m1-1961</subfield></datafield><datafield ind1=" " ind2=" " tag="260"><subfield code="a">Bucuresti, Ed.Tehnica, 1963. 107p</subfield></datafield><datafield ind1=" " ind2=" " tag="852"><subfield code="a">8803</subfield></datafield></record></collection>